|0000|LFPD|01102013|31102013|J.M.A NETO MERCADINHO ME|15581682000140|PE|048878910|2606101||||2000|0|20|Brasil|MERCADINHO PONTO CERTO||||
|0001|0|
|0005||900||55620000|RUA ANTAO BORGES JUNIOR|64||CENTRO|55620000||8136581636|||
|0030|1|5|9|1|1|1|1|1|1|0|1|1|0|1|1|1|1|
|0100||900||||        |||||  |2606101||||||
|0150|1|INDUSTRIA ALIMENTICIA MAURICEA LTDA|01058|10166353000110|||PE|001725297||2609501|||
|0150|2|ALIANCA DIST DE SALGADINHO LTDA|01058|11283720000128|||PE|038855690||2604007|||
|0150|3|FRIGORIFICO FRANGO DOURADO LTDA-ME|01058|03750630000171|||PE|026975807||2604007|||
|0150|4|PARATI ATACADO E DISTRIBUIRA LTDA|01058|05476815000165|||PE|030892589||2605707|||
|0150|5|RUBI DISTRIBUIDORA DE ALIMENTOS LTDA|01058|05554866000168|||PE|030005086||2600054|||
|0150|6|BRF S.A.|01058|01838723016201|||PE|037458728||2616407|||
|0150|7|RAÇA DISTRIBUIÇAO E LOGISTICA DE PE LTDA|01058|07306229000106|||PE|032376995||2616407|||
|0150|8|ATACAREJO GUARARAPES LTDA ME|01058|00343002000183|||PE|033702403||2604106|||
|0150|9|DISTRIBUIDORA DE ALIMENTOS MARFIM|01058|04609653000123|||PE|028544307||2607901|||
|0150|10|AVIA NORTE DISTRIBUIDORA DE BEBIDAS E ALIMENTOS LTDA|01058|13304999000104|||PE|043484948||2604007|||
|0150|11|MASTERBOI LTDA|01058|03721769000278|||PE|028977335||2611606|||
|0150|12|NUTRIMAIS LTDA|01058|11569191000123|||PE|007603231||2614501|||
|0400|1|LANCAMENTO SEM REPERCUSSAO FISCAL|OP00|
|0400|2|COMPRA|EA10|
|0400|3|DEVOLUçãO DE VENDA|EA20|
|0400|4|RETORNO DE REMESSA|EA30|
|0400|5|DEVOLUçãO DE REMESSA|EA40|
|0400|6|ENTRADA|EA50|
|0400|7|TRANSFERENCIA|EA60|
|0400|8|AJUSTE DE ESTOQUE|EA65|
|0400|9|AQUISICAO DE SERVIçO|EA70|
|0400|10|ANULAçãO DE VALOR|EA80|
|0400|11|OPERAçãO FINANCEIRA|EA90|
|0400|12|RESSARCIMENTO DE VALOR|EA91|
|0400|13|OUTRAS ENTRADAS/AQUISICOES|EA99|
|0400|14|VENDA|SP10|
|0400|15|DEVOLUCAO DE COMPRA|SP20|
|0400|16|REMESSA|SP30|
|0400|17|RETORNO|SP50|
|0400|18|TRANSFERêNCIA|SP60|
|0400|19|AJUSTE DE ESTOQUE|SP65|
|0400|20|PRESTAçãO DE SERVIçO|SP70|
|0400|21|ANULAçãO DE VALOR|SP80|
|0400|22|OPERAçãO FINANCEIRA|SP90|
|0400|23|RESSARCIMENTO DE VALOR|SP91|
|0400|24|OUTRAS SAíDAS/PRESTAçõES|SP99|
|0450|90|NFe de Dav|
|0450|91|NFe de Cupom Fiscal|
|0450|92|NFe de Devolucao para Fornecedor|
|0450|93|NFe de Devolucao de Cupom Fiscal|
|0450|94|NFe de Troca de Mercadoria|
|0450|95|Devolucao pelo Simples Nacional|
|0450|97|Obs Lei do Credito por Simples Nacional|
|0450|89|NFe de Dav|
|0450|88|NFe de Dav|
|0450|23|DEC. 35679/10|
|0450|2|SUSPENSAO DE PIS/COFINS|
|0450|20|DEC. 35677/10|
|0450|16|ART. 5  DO  DEC. 21981/99.|
|0450|21|DEC. 28247/05 MEDICAMENTO|
|0450|4|SUSPENSA DE PIS/COFINS MILHO|
|0450|18|DEC. 33203/09|
|0450|22|DEC. 33205/09|
|0450|24|DEC. 35678/10|
|0450|26|DEC. 35680/10|
|0450|28|DEC. 32959/09|
|0450|17|DEC. 27032/04|
|0990|64|
|E001|0|
|E020|0|1|1|55|00|1|96750|26131010166353000110550010000967501000967503|10102013|15102013|2|EA10|0||857,75|0,00|0,00|0,00|||||0,00|857,75||||||
|E025|857,75|0,00|1403|0,00||0,00|||0,00|857,75|||0,00|0,00|0||
|E020|0|1|2|55|00|1|86336|26131011283720000128550010000863361000863366|14102013|15102013|2|EA10|0||175,12|0,00|40,12|6,82|||||0,00|135,00||||||
|E025|102,32|0,00|1102|40,12|17,00|6,82|||0,00|62,20|||0,00|0,00|0||
|E025|72,80|0,00|1403|0,00||0,00|||0,00|72,80|||0,00|0,00|0||
|E020|0|1|5|55|00|1|126019|26131005554866000168550010001260191111011108|11102013|15102013|2|EA10|0||684,88|0,00|0,00|0,00|||||0,00|684,88||||||
|E025|684,88|0,00|1403|0,00||0,00|||0,00|684,88|||0,00|0,00|0||
|E020|0|1|5|55|00|1|126018|26131005554866000168550010001260181111011100|11102013|15102013|2|EA10|0||772,06|0,00|0,00|0,00|||||0,00|772,06||||||
|E025|772,06|0,00|1403|0,00||0,00|||0,00|772,06|||0,00|0,00|0||
|E020|0|1|6|55|00|5|221399|26131001838723016201550050002213991328742450|12102013|15102013|2|EA10|0||137,25|0,00|137,25|23,33|||||0,00|0,00||||||
|E025|137,25|0,00|1102|137,25|17,00|23,33|||0,00|0,00|||0,00|0,00|0||
|E020|0|1|7|55|00|1|400578|26131007306229000106550010004005781111001109|01102013|15102013|2|EA10|0||2123,00|0,00|0,00|0,00|||||0,00|2123,00||||||
|E025|483,00|0,00|1403|0,00||0,00|||0,00|483,00|||0,00|0,00|0||
|E025|1640,00|0,00|1102|0,00||0,00|||0,00|1640,00|||0,00|0,00|0||
|E020|0|1|8|55|00|1|997|26131000343002000183550010000009971000009975|01102013|15102013|2|EA10|0||1385,00|0,00|0,00|0,00|||||1385,00|0,00||||||
|E025|1385,00|0,00|1102|0,00||0,00|||1385,00|0,00|||0,00|0,00|0||
|E020|0|1|9|55|00|2|481572|26131004609653000123550020004815721004815720|01102013|15102013|2|EA10|0||333,12|0,00|268,02|45,56|||||0,00|65,10||||||
|E025|268,02|0,00|1102|268,02|17,00|45,56|||0,00|0,00|||0,00|0,00|0||
|E025|65,10|0,00|1102|0,00||0,00|||0,00|65,10|||0,00|0,00|0||
|E020|0|1|10|55|00|1|133083|26131013304999000104550010001330831000000019|02102013|15102013|2|EA10|0||791,97|0,00|80,64|13,70|||||0,00|711,33||||||
|E025|80,64|0,00|1102|80,64|17,00|13,70|||0,00|0,00|||0,00|0,00|0||
|E025|711,33|0,00|1403|0,00||0,00|||0,00|711,33|||0,00|0,00|0||
|E020|0|1|12|55|00|1|17772|26131011569191000123550010000177721000444049|05102013|15102013|2|EA10|0||292,80|0,00|0,00|0,00|||||0,00|292,80||||||
|E025|292,80|0,00|1403|0,00||0,00|||0,00|292,80|||0,00|0,00|0||
|E020|0|1|10|55|00|1|134396|26131013304999000104550010001343961000000018|09102013|15102013|2|EA10|0||807,96|0,00|0,00|0,00|||||0,00|807,96||||||
|E025|807,96|0,00|1403|0,00||0,00|||0,00|807,96|||0,00|0,00|0||
|E020|0|1|3|55|00|1|79118|26131003750630000171550010000791181620004060|16102013|30102013|2|EA10|0||1696,01|0,00|704,99|119,85|||||991,02|0,00||||||
|E025|704,99|0,00|1102|704,99|17,00|119,85|||0,00|0,00|||0,00|0,00|0||
|E025|991,02|0,00|1102|0,00||0,00|||991,02|0,00|||0,00|0,00|0||
|E020|0|1|11|55|00|2|167574|26131003721769000278550020001675741006496924|17102013|30102013|2|EA10|0||530,20|0,00|173,16|29,44|||||357,04|0,00||||||
|E025|173,16|0,00|1102|173,16|17,00|29,44|||0,00|0,00|||0,00|0,00|0||
|E025|357,04|0,00|1102|0,00||0,00|||357,04|0,00|||0,00|0,00|0||
|E020|0|1|4|55|00|1|1545945|26131005476815000165550010015459451111011104|11102013|30102013|2|EA10|0||417,15|0,00|119,07|20,24|||||0,00|298,08||||||
|E025|119,07|0,00|1102|119,07|17,00|20,24|||0,00|0,00|||0,00|0,00|0||
|E025|298,08|0,00|1403|0,00||0,00|||0,00|298,08|||0,00|0,00|0||
|E060|2D|1|DR0812BR000000318336|1|262|01102013|26466|26470|806461,39|806461,39|0,00|0,00|0,00|0,00|0,00|0,00|0,00|0,00|0,00|0,00|0,00||
|E065|0000|0,00|0,00|0,00||
|E060|2D|1|DR0812BR000000318336|1|263|02102013|26471|26473|806461,39|806461,39|0,00|0,00|0,00|0,00|0,00|0,00|0,00|0,00|0,00|0,00|0,00||
|E065|0000|0,00|0,00|0,00||
|E060|2D|1|DR0812BR000000318336|1|264|03102013|26474|26496|806461,39|806988,85|527,46|0,00|0,00|0,00|0,00|527,46|236,69|40,24|124,90|0,00|165,87||
|E065|5102|236,69|17,00|40,24||
|E065|5405|165,87|0,00|0,00||
|E060|2D|1|DR0812BR000000318336|1|265|04102013|26497|26577|806988,85|812328,08|5339,23|10,14|0,00|0,00|0,00|5329,09|2439,74|414,76|1616,60|0,00|1272,75||
|E065|5102|2439,74|17,00|414,76||
|E065|5405|1272,75|0,00|0,00||
|E060|2D|1|DR0812BR000000318336|1|266|05102013|26578|26720|812328,08|819002,14|6674,06|53,90|0,00|0,00|0,00|6620,16|3318,29|564,11|1892,19|0,00|1409,68||
|E065|5102|3318,29|17,00|564,11||
|E065|5405|1409,68|0,00|0,00||
|E060|2D|1|DR0812BR000000318336|1|267|06102013|26721|26746|819002,14|819625,92|623,78|9,24|0,00|0,00|0,00|614,54|364,49|61,96|77,36|0,00|172,69||
|E065|5102|364,49|17,00|61,96||
|E065|5405|172,69|0,00|0,00||
|E060|2D|1|DR0812BR000000318336|1|268|07102013|26747|26812|819625,92|822963,60|3337,68|42,90|0,00|0,00|0,00|3294,78|1458,77|247,99|1035,02|0,00|800,99||
|E065|5102|1458,77|17,00|247,99||
|E065|5405|800,99|0,00|0,00||
|E060|2D|1|DR0812BR000000318336|1|269|08102013|26813|26867|822963,60|824753,45|1789,85|2,35|0,00|0,00|0,00|1787,50|803,64|136,62|558,11|0,00|425,75||
|E065|5102|803,64|17,00|136,62||
|E065|5405|425,75|0,00|0,00||
|E060|2D|1|DR0812BR000000318336|1|270|09102013|26868|26884|824753,45|825087,68|334,23|0,00|0,00|0,00|0,00|334,23|137,18|23,32|95,51|0,00|101,54||
|E065|5102|137,18|17,00|23,32||
|E065|5405|101,54|0,00|0,00||
|E060|2D|1|DR0812BR000000318336|1|271|10102013|26885|26939|825087,68|826934,51|1846,83|1,59|0,00|0,00|0,00|1845,24|857,05|145,70|574,95|0,00|413,24||
|E065|5102|857,05|17,00|145,70||
|E065|5405|413,24|0,00|0,00||
|E060|2D|1|DR0812BR000000318336|1|272|11102013|26940|26992|826934,51|829996,67|3062,16|11,80|0,00|0,00|0,00|3050,36|1226,88|208,57|1026,90|0,00|796,58||
|E065|5102|1226,88|17,00|208,57||
|E065|5405|796,58|0,00|0,00||
|E060|2D|1|DR0812BR000000318336|1|273|12102013|26993|27129|829996,67|836711,16|6714,49|174,01|0,00|0,00|0,00|6540,48|3315,60|563,65|1797,83|0,00|1427,05||
|E065|5102|3315,60|17,00|563,65||
|E065|5405|1427,05|0,00|0,00||
|E060|2D|1|DR0812BR000000318336|1|274|13102013|27130|27141|836711,16|836933,05|221,89|0,00|0,00|0,00|0,00|221,89|106,85|18,16|48,69|0,00|66,35||
|E065|5102|106,85|17,00|18,16||
|E065|5405|66,35|0,00|0,00||
|E060|2D|1|DR0812BR000000318336|1|275|14102013|27142|27167|836933,05|837937,23|1004,18|0,85|0,00|0,00|0,00|1003,33|394,25|67,02|387,57|0,00|221,51||
|E065|5102|394,25|17,00|67,02||
|E065|5405|221,51|0,00|0,00||
|E060|2D|1|DR0812BR000000318336|1|276|15102013|27168|27215|837937,23|840062,22|2124,99|5,51|0,00|0,00|0,00|2119,48|896,20|152,35|708,30|0,00|514,98||
|E065|5102|896,20|17,00|152,35||
|E065|5405|514,98|0,00|0,00||
|E060|2D|1|DR0812BR000000318336|1|277|16102013|27216|27253|840062,22|843031,66|2969,44|6,00|0,00|0,00|0,00|2963,44|1434,98|243,95|865,56|0,00|662,90||
|E065|5102|1434,98|17,00|243,95||
|E065|5405|662,90|0,00|0,00||
|E060|2D|1|DR0812BR000000318336|1|278|17102013|27254|27305|843031,66|844408,57|1376,91|31,74|0,00|0,00|0,00|1345,17|562,87|95,69|458,31|0,00|323,99||
|E065|5102|562,87|17,00|95,69||
|E065|5405|323,99|0,00|0,00||
|E060|2D|1|DR0812BR000000318336|1|279|18102013|27306|27343|844408,57|846882,93|2474,36|0,65|0,00|0,00|0,00|2473,71|1292,24|219,68|769,10|0,00|412,37||
|E065|5102|1292,24|17,00|219,68||
|E065|5405|412,37|0,00|0,00||
|E060|2D|1|DR0812BR000000318336|1|280|19102013|27344|27468|846882,93|854133,27|7250,34|19,05|0,00|0,00|0,00|7231,29|3775,27|641,80|1859,07|0,00|1596,95||
|E065|5102|3775,27|17,00|641,80||
|E065|5405|1596,95|0,00|0,00||
|E060|2D|1|DR0812BR000000318336|1|285|24102013|27477|27546|854133,27|855756,91|1623,64|5,42|0,00|0,00|0,00|1618,22|714,72|121,50|527,35|0,00|376,15||
|E065|5102|714,72|17,00|121,50||
|E065|5405|376,15|0,00|0,00||
|E060|2D|1|DR0812BR000000318336|1|286|25102013|27547|27621|855756,91|859042,58|3285,67|5,20|0,00|0,00|0,00|3280,47|1074,28|182,63|696,10|0,00|1510,09||
|E065|5102|1074,28|17,00|182,63||
|E065|5405|1510,09|0,00|0,00||
|E060|2D|1|DR0812BR000000318336|1|287|26102013|27622|27774|859042,58|866330,73|7288,15|35,39|0,00|0,00|0,00|7252,76|2696,10|461,22|1432,93|0,00|3123,73||
|E065|5102|2667,29|17,00|453,44||
|E065|5102|28,81|27,00|7,78||
|E065|5405|3123,73|0,00|0,00||
|E060|2D|1|DR0812BR000000318336|1|288|27102013|27775|27801|866330,73|866823,21|492,48|0,00|0,00|0,00|0,00|492,48|179,04|30,44|115,08|0,00|198,36||
|E065|5102|179,04|17,00|30,44||
|E065|5405|198,36|0,00|0,00||
|E060|2D|1|DR0812BR000000318336|1|289|28102013|27802|27862|866823,21|868483,38|1660,17|14,63|0,00|0,00|0,00|1645,54|510,86|86,85|296,09|0,00|838,59||
|E065|5102|510,86|17,00|86,85||
|E065|5405|838,59|0,00|0,00||
|E060|2D|1|DR0812BR000000318336|1|290|29102013|27863|27913|868483,38|870895,70|2412,32|6,74|0,00|0,00|0,00|2405,58|992,86|169,71|522,13|0,00|890,59||
|E065|5102|981,36|17,00|166,83||
|E065|5102|11,50|25,00|2,88||
|E065|5405|890,59|0,00|0,00||
|E060|2D|1|DR0812BR000000318336|1|291|30102013|27914|27961|870895,70|872674,41|1778,71|0,00|0,00|0,00|0,00|1778,71|713,73|122,18|290,41|0,00|774,57||
|E065|5102|705,23|17,00|119,89||
|E065|5102|8,50|27,00|2,29||
|E065|5405|774,57|0,00|0,00||
|E060|2D|1|DR0812BR000000318336|1|292|31102013|27962|28014|872674,41|875280,69|2606,28|8,60|0,00|0,00|0,00|2597,68|1176,24|199,96|568,41|0,00|853,03||
|E065|5102|1176,24|17,00|199,96||
|E065|5405|853,03|0,00|0,00||
|E060|2D|2|DR0812BR000000318449|1|312|01102013|18967|19000|540754,78|542563,34|1808,56|0,00|0,00|0,00|0,00|1808,56|811,89|138,02|583,14|0,00|413,53||
|E065|5102|811,89|17,00|138,02||
|E065|5405|413,53|0,00|0,00||
|E060|2D|2|DR0812BR000000318449|1|313|02102013|19001|19039|542563,34|545148,37|2585,03|0,00|0,00|0,00|0,00|2585,03|1156,47|196,60|830,07|0,00|598,49||
|E065|5102|1156,47|17,00|196,60||
|E065|5405|598,49|0,00|0,00||
|E060|2D|2|DR0812BR000000318449|1|314|03102013|19040|19049|545148,37|546430,25|1281,88|0,00|0,00|0,00|0,00|1281,88|700,12|119,02|311,14|0,00|270,62||
|E065|5102|700,12|17,00|119,02||
|E065|5405|270,62|0,00|0,00||
|E060|2D|2|DR0812BR000000318449|1|316|05102013|19052|19064|546430,25|547313,66|883,41|0,00|0,00|0,00|0,00|883,41|373,40|63,48|268,33|0,00|241,68||
|E065|5102|373,40|17,00|63,48||
|E065|5405|241,68|0,00|0,00||
|E060|2D|2|DR0812BR000000318449|1|317|06102013|19065|19078|547313,66|547427,69|114,03|0,00|0,00|0,00|0,00|114,03|26,23|4,46|51,35|0,00|36,45||
|E065|5102|26,23|17,00|4,46||
|E065|5405|36,45|0,00|0,00||
|E060|2D|2|DR0812BR000000318449|1|318|07102013|19079|19084|547427,69|547728,26|300,57|0,00|0,00|0,00|0,00|300,57|88,54|15,05|118,84|0,00|93,19||
|E065|5102|88,54|17,00|15,05||
|E065|5405|93,19|0,00|0,00||
|E060|2D|2|DR0812BR000000318449|1|319|08102013|19085|19095|547728,26|548128,17|399,91|0,00|0,00|0,00|0,00|399,91|173,60|29,51|145,50|0,00|80,81||
|E065|5102|173,60|17,00|29,51||
|E065|5405|80,81|0,00|0,00||
|E060|2D|2|DR0812BR000000318449|1|320|09102013|19096|19103|548128,17|548654,76|526,59|1,55|0,00|0,00|0,00|525,04|214,94|36,54|185,58|0,00|124,52||
|E065|5102|214,94|17,00|36,54||
|E065|5405|124,52|0,00|0,00||
|E060|2D|2|DR0812BR000000318449|1|321|10102013|19104|19108|548654,76|548719,08|64,32|0,00|0,00|0,00|0,00|64,32|40,05|6,81|16,45|0,00|7,82||
|E065|5102|40,05|17,00|6,81||
|E065|5405|7,82|0,00|0,00||
|E060|2D|2|DR0812BR000000318449|1|322|11102013|19109|19111|548719,08|548813,32|94,24|0,00|0,00|0,00|0,00|94,24|54,78|9,31|26,28|0,00|13,18||
|E065|5102|54,78|17,00|9,31||
|E065|5405|13,18|0,00|0,00||
|E060|2D|2|DR0812BR000000318449|1|323|12102013|19112|19118|548813,32|549077,32|264,00|3,93|0,00|0,00|0,00|260,07|139,02|23,63|74,71|0,00|46,34||
|E065|5102|139,02|17,00|23,63||
|E065|5405|46,34|0,00|0,00||
|E060|2D|2|DR0812BR000000318449|1|328|17102013|19128|19130|549077,32|549086,67|9,35|0,00|0,00|0,00|0,00|9,35|0,00|0,00|9,35|0,00|0,00||
|E065|5405|9,35|0,00|0,00||
|E060|2D|2|DR0812BR000000318449|1|330|19102013|19133|19139|549086,67|549144,52|57,85|0,00|0,00|0,00|0,00|57,85|11,54|1,96|21,22|0,00|25,09||
|E065|5102|11,54|17,00|1,96||
|E065|5405|25,09|0,00|0,00||
|E060|2D|2|DR0812BR000000318449|1|333|22102013|19145|19148|549144,52|549173,18|28,66|0,00|0,00|0,00|0,00|28,66|12,35|2,10|0,00|0,00|16,31||
|E065|5102|12,35|17,00|2,10||
|E065|5405|16,31|0,00|0,00||
|E060|2D|2|DR0812BR000000318449|1|336|25102013|19154|19171|549173,18|550435,12|1261,94|272,45|0,00|0,00|0,00|989,49|323,75|55,04|202,21|0,00|463,53||
|E065|5102|323,75|17,00|55,04||
|E065|5405|463,53|0,00|0,00||
|E060|2D|2|DR0812BR000000318449|1|337|26102013|19172|19266|550435,12|556008,93|5573,81|4,47|0,00|0,00|0,00|5569,34|1910,49|325,82|1245,83|0,00|2413,02||
|E065|5102|1899,41|17,00|322,90||
|E065|5102|3,59|25,00|0,90||
|E065|5102|7,49|27,00|2,02||
|E065|5405|2413,02|0,00|0,00||
|E060|2D|2|DR0812BR000000318449|1|338|27102013|19267|19339|556008,93|558108,07|2099,14|26,50|0,00|0,00|0,00|2072,64|717,99|122,06|354,79|0,00|999,86||
|E065|5102|717,99|17,00|122,06||
|E065|5405|999,86|0,00|0,00||
|E060|2D|2|DR0812BR000000318449|1|339|28102013|19340|19355|558108,07|558770,56|662,49|0,00|0,00|0,00|0,00|662,49|252,92|43,42|87,32|0,00|322,25||
|E065|5102|248,67|17,00|42,27||
|E065|5102|4,25|27,00|1,15||
|E065|5405|322,25|0,00|0,00||
|E060|2D|2|DR0812BR000000318449|1|340|29102013|19356|19368|558770,56|559292,37|521,81|0,00|0,00|0,00|0,00|521,81|178,77|30,39|70,65|0,00|272,39||
|E065|5102|178,77|17,00|30,39||
|E065|5405|272,39|0,00|0,00||
|E060|2D|2|DR0812BR000000318449|1|341|30102013|19369|19389|559292,37|559936,30|643,93|0,00|0,00|0,00|0,00|643,93|255,82|43,49|133,28|0,00|254,83||
|E065|5102|255,82|17,00|43,49||
|E065|5405|254,83|0,00|0,00||
|E060|2D|2|DR0812BR000000318449|1|342|31102013|19390|19407|559936,30|561421,47|1485,17|0,00|0,00|0,00|0,00|1485,17|539,82|91,77|320,04|0,00|625,31||
|E065|5102|539,82|17,00|91,77||
|E065|5405|625,31|0,00|0,00||
|E060|2D|3|DR0812BR000000341674|1|240|04102013|5802|5805|147145,89|147148,04|2,15|0,00|0,00|0,00|0,00|2,15|0,00|0,00|0,00|0,00|2,15||
|E065|5405|2,15|0,00|0,00||
|E060|2D|3|DR0812BR000000341674|1|241|05102013|5806|5851|147148,04|150114,72|2966,68|6,70|0,00|0,00|0,00|2959,98|1555,09|264,37|745,50|0,00|659,39||
|E065|5102|1555,09|17,00|264,37||
|E065|5405|659,39|0,00|0,00||
|E060|2D|3|DR0812BR000000341674|1|244|08102013|5856|5858|150114,72|150118,27|3,55|0,00|0,00|0,00|0,00|3,55|0,00|0,00|3,55|0,00|0,00||
|E065|5405|3,55|0,00|0,00||
|E060|2D|3|DR0812BR000000341674|1|248|12102013|5865|5899|150118,27|151350,06|1231,79|77,47|0,00|0,00|0,00|1154,32|631,22|107,31|217,63|0,00|305,47||
|E065|5102|631,22|17,00|107,31||
|E065|5405|305,47|0,00|0,00||
|E060|2D|3|DR0812BR000000341674|1|255|19102013|5912|5951|151350,06|152352,26|1002,20|0,00|0,00|0,00|0,00|1002,20|506,56|86,12|286,72|0,00|208,92||
|E065|5102|506,56|17,00|86,12||
|E065|5405|208,92|0,00|0,00||
|E060|2D|3|DR0812BR000000341674|1|262|26102013|5964|5986|152352,26|153397,66|1045,40|2,68|0,00|0,00|0,00|1042,72|297,32|50,54|292,03|0,00|453,37||
|E065|5102|297,32|17,00|50,54||
|E065|5405|453,37|0,00|0,00||
|E990|0|
|9001|1|
|9900|0000|2|
|9900|0001|1|
|9900|0005|1|
|9900|0030|1|
|9900|0100|1|
|9900|0150|12|
|9900|0400|24|
|9900|0450|21|
|9900|0990|1|
|9900|E001|1|
|9900|E020|14|
|9900|E025|21|
|9900|E060|54|
|9900|E065|109|
|9900|E990|1|
|9900|9001|1|
|9900|9900|20|
|9900|9990|1|
|9900|9999|1|
|9990|23|
|9999|286|
